@Manual{R-base,
  title = {R: A Language and Environment for Statistical Computing},
  author = {{R Core Team}},
  organization = {R Foundation for Statistical Computing},
  address = {Vienna, Austria},
  year = {2022},
  url = {https://www.R-project.org/},
}

@Manual{R-dplyr,
  title = {dplyr: A Grammar of Data Manipulation},
  author = {Hadley Wickham and Romain François and Lionel Henry and Kirill Müller},
  year = {2022},
  note = {R package version 1.0.10},
  url = {https://CRAN.R-project.org/package=dplyr},
}

@Manual{R-ggplot2,
  title = {ggplot2: Create Elegant Data Visualisations Using the Grammar of Graphics},
  author = {Hadley Wickham and Winston Chang and Lionel Henry and Thomas Lin Pedersen and Kohske Takahashi and Claus Wilke and Kara Woo and Hiroaki Yutani and Dewey Dunnington},
  year = {2022},
  note = {R package version 3.3.6},
  url = {https://CRAN.R-project.org/package=ggplot2},
}

@Manual{R-gtsummary,
  title = {gtsummary: Presentation-Ready Data Summary and Analytic Result Tables},
  author = {Daniel D. Sjoberg and Michael Curry and Joseph Larmarange and Jessica Lavery and Karissa Whiting and Emily C. Zabor},
  year = {2022},
  note = {R package version 1.6.2},
  url = {https://CRAN.R-project.org/package=gtsummary},
}

@Manual{R-haven,
  title = {haven: Import and Export SPSS, Stata and SAS Files},
  author = {Hadley Wickham and Evan Miller and Danny Smith},
  year = {2022},
  note = {R package version 2.5.1},
  url = {https://CRAN.R-project.org/package=haven},
}

@Manual{R-here,
  title = {here: A Simpler Way to Find Your Files},
  author = {Kirill Müller},
  year = {2020},
  note = {R package version 1.0.1},
  url = {https://CRAN.R-project.org/package=here},
}

@Manual{R-kableExtra,
  title = {kableExtra: Construct Complex Table with kable and Pipe Syntax},
  author = {Hao Zhu},
  year = {2021},
  note = {R package version 1.3.4},
  url = {https://CRAN.R-project.org/package=kableExtra},
}

@Manual{R-MatchIt,
  title = {MatchIt: Nonparametric Preprocessing for Parametric Causal Inference},
  author = {Daniel Ho and Kosuke Imai and Gary King and Elizabeth Stuart and Noah Greifer},
  year = {2022},
  note = {R package version 4.4.0},
  url = {https://CRAN.R-project.org/package=MatchIt},
}

@Manual{R-modelsummary,
  title = {modelsummary: Summary Tables and Plots for Statistical Models and Data:
Beautiful, Customizable, and Publication-Ready},
  author = {Vincent Arel-Bundock},
  year = {2022},
  note = {R package version 1.0.2},
  url = {https://vincentarelbundock.github.io/modelsummary/},
}

@Manual{R-purrr,
  title = {purrr: Functional Programming Tools},
  author = {Lionel Henry and Hadley Wickham},
  year = {2022},
  note = {R package version 0.3.5},
  url = {https://CRAN.R-project.org/package=purrr},
}

@Manual{R-vtable,
  title = {vtable: Variable Table for Variable Documentation},
  author = {Nick Huntington-Klein},
  year = {2022},
  note = {R package version 1.3.4},
  url = {https://nickch-k.github.io/vtable/},
}

@Book{ggplot22016,
  author = {Hadley Wickham},
  title = {ggplot2: Elegant Graphics for Data Analysis},
  publisher = {Springer-Verlag New York},
  year = {2016},
  isbn = {978-3-319-24277-4},
  url = {https://ggplot2.tidyverse.org},
}

@Article{gtsummary,
  author = {Daniel D. Sjoberg and Karissa Whiting and Michael Curry and Jessica A. Lavery and Joseph Larmarange},
  title = {Reproducible Summary Tables with the gtsummary Package},
  journal = {{The R Journal}},
  year = {2021},
  url = {https://doi.org/10.32614/RJ-2021-053},
  doi = {10.32614/RJ-2021-053},
  volume = {13},
  issue = {1},
  pages = {570-580},
}

@Article{MatchIt2011,
  title = {{MatchIt}: Nonparametric Preprocessing for Parametric Causal Inference},
  author = {Daniel E. Ho and Kosuke Imai and Gary King and Elizabeth A. Stuart},
  journal = {Journal of Statistical Software},
  year = {2011},
  volume = {42},
  number = {8},
  pages = {1--28},
  doi = {10.18637/jss.v042.i08},
}

@Article{modelsummary2022,
  title = {{modelsummary}: Data and Model Summaries in {R}},
  author = {Vincent Arel-Bundock},
  journal = {Journal of Statistical Software},
  year = {2022},
  volume = {103},
  number = {1},
  pages = {1--23},
  doi = {10.18637/jss.v103.i01},
}

