@Manual{R-base,
  title = {R: A Language and Environment for Statistical Computing},
  author = {{R Core Team}},
  organization = {R Foundation for Statistical Computing},
  address = {Vienna, Austria},
  year = {2022},
  url = {https://www.R-project.org/},
}

@Manual{R-binsreg,
  title = {binsreg: Binscatter Estimation and Inference},
  author = {Matias D. Cattaneo and Richard K. Crump and Max H. Farrell and Yingjie Feng},
  year = {2021},
  note = {R package version 0.7},
  url = {https://CRAN.R-project.org/package=binsreg},
}

@Manual{R-dplyr,
  title = {dplyr: A Grammar of Data Manipulation},
  author = {Hadley Wickham and Romain François and Lionel Henry and Kirill Müller},
  year = {2022},
  note = {R package version 1.0.10},
  url = {https://CRAN.R-project.org/package=dplyr},
}

@Manual{R-fastDummies,
  title = {fastDummies: Fast Creation of Dummy (Binary) Columns and Rows from
Categorical Variables},
  author = {Jacob Kaplan},
  year = {2020},
  note = {R package version 1.6.3},
  url = {https://CRAN.R-project.org/package=fastDummies},
}

@Manual{R-fixest,
  title = {fixest: Fast Fixed-Effects Estimations},
  author = {Laurent Berge},
  year = {2022},
  note = {R package version 0.11.0},
  url = {https://CRAN.R-project.org/package=fixest},
}

@Manual{R-forcats,
  title = {forcats: Tools for Working with Categorical Variables (Factors)},
  author = {Hadley Wickham},
  year = {2022},
  note = {R package version 0.5.2},
  url = {https://CRAN.R-project.org/package=forcats},
}

@Manual{R-ggplot2,
  title = {ggplot2: Create Elegant Data Visualisations Using the Grammar of Graphics},
  author = {Hadley Wickham and Winston Chang and Lionel Henry and Thomas Lin Pedersen and Kohske Takahashi and Claus Wilke and Kara Woo and Hiroaki Yutani and Dewey Dunnington},
  year = {2022},
  note = {R package version 3.3.6},
  url = {https://CRAN.R-project.org/package=ggplot2},
}

@Manual{R-ggrepel,
  title = {ggrepel: Automatically Position Non-Overlapping Text Labels with
ggplot2},
  author = {Kamil Slowikowski},
  year = {2022},
  note = {R package version 0.9.2},
  url = {https://github.com/slowkow/ggrepel},
}

@Manual{R-ggtext,
  title = {ggtext: Improved Text Rendering Support for ggplot2},
  author = {Claus O. Wilke and Brenton M. Wiernik},
  year = {2022},
  note = {R package version 0.1.2},
  url = {https://wilkelab.org/ggtext/},
}

@Manual{R-gtsummary,
  title = {gtsummary: Presentation-Ready Data Summary and Analytic Result Tables},
  author = {Daniel D. Sjoberg and Michael Curry and Joseph Larmarange and Jessica Lavery and Karissa Whiting and Emily C. Zabor},
  year = {2022},
  note = {R package version 1.6.2},
  url = {https://CRAN.R-project.org/package=gtsummary},
}

@Manual{R-here,
  title = {here: A Simpler Way to Find Your Files},
  author = {Kirill Müller},
  year = {2020},
  note = {R package version 1.0.1},
  url = {https://CRAN.R-project.org/package=here},
}

@Manual{R-lubridate,
  title = {lubridate: Make Dealing with Dates a Little Easier},
  author = {Vitalie Spinu and Garrett Grolemund and Hadley Wickham},
  year = {2021},
  note = {R package version 1.8.0},
  url = {https://CRAN.R-project.org/package=lubridate},
}

@Manual{R-modelsummary,
  title = {modelsummary: Summary Tables and Plots for Statistical Models and Data:
Beautiful, Customizable, and Publication-Ready},
  author = {Vincent Arel-Bundock},
  year = {2022},
  note = {R package version 1.0.2},
  url = {https://vincentarelbundock.github.io/modelsummary/},
}

@Manual{R-nprobust,
  title = {nprobust: Nonparametric Robust Estimation and Inference Methods using
Local Polynomial Regression and Kernel Density Estimation},
  author = {Sebastian Calonico and Matias D. Cattaneo and Max H. Farrell},
  year = {2020},
  note = {R package version 0.4.0},
  url = {https://CRAN.R-project.org/package=nprobust},
}

@Manual{R-purrr,
  title = {purrr: Functional Programming Tools},
  author = {Lionel Henry and Hadley Wickham},
  year = {2022},
  note = {R package version 0.3.5},
  url = {https://CRAN.R-project.org/package=purrr},
}

@Manual{R-quantreg,
  title = {quantreg: Quantile Regression},
  author = {Roger Koenker},
  year = {2022},
  note = {R package version 5.94},
  url = {https://www.r-project.org},
}

@Manual{R-readr,
  title = {readr: Read Rectangular Text Data},
  author = {Hadley Wickham and Jim Hester and Jennifer Bryan},
  year = {2022},
  note = {R package version 2.1.3},
  url = {https://CRAN.R-project.org/package=readr},
}

@Manual{R-showtext,
  title = {showtext: Using Fonts More Easily in R Graphs},
  author = {Yixuan Qiu and authors/contributors of the included software. See file AUTHORS for details.},
  year = {2022},
  note = {R package version 0.9-5},
  url = {https://github.com/yixuan/showtext},
}

@Manual{R-showtextdb,
  title = {showtextdb: Font Files for the showtext Package},
  author = {Yixuan Qiu and authors/contributors of the included fonts. See file AUTHORS for details.},
  year = {2020},
  note = {R package version 3.0},
  url = {https://CRAN.R-project.org/package=showtextdb},
}

@Manual{R-SparseM,
  title = {SparseM: Sparse Linear Algebra},
  author = {Roger Koenker},
  year = {2021},
  note = {R package version 1.81},
  url = {http://www.econ.uiuc.edu/~roger/research/sparse/sparse.html},
}

@Manual{R-stringr,
  title = {stringr: Simple, Consistent Wrappers for Common String Operations},
  author = {Hadley Wickham},
  year = {2022},
  note = {R package version 1.4.1},
  url = {https://CRAN.R-project.org/package=stringr},
}

@Manual{R-sysfonts,
  title = {sysfonts: Loading Fonts into R},
  author = {Yixuan Qiu and authors/contributors of the included fonts. See file AUTHORS for details.},
  year = {2022},
  note = {R package version 0.8.8},
  url = {https://github.com/yixuan/sysfonts},
}

@Manual{R-tibble,
  title = {tibble: Simple Data Frames},
  author = {Kirill Müller and Hadley Wickham},
  year = {2022},
  note = {R package version 3.1.8},
  url = {https://CRAN.R-project.org/package=tibble},
}

@Manual{R-tidyr,
  title = {tidyr: Tidy Messy Data},
  author = {Hadley Wickham and Maximilian Girlich},
  year = {2022},
  note = {R package version 1.2.1},
  url = {https://CRAN.R-project.org/package=tidyr},
}

@Manual{R-tidyverse,
  title = {tidyverse: Easily Install and Load the Tidyverse},
  author = {Hadley Wickham},
  year = {2022},
  note = {R package version 1.3.2},
  url = {https://CRAN.R-project.org/package=tidyverse},
}

@Article{fixest2018,
  title = {Efficient estimation of maximum likelihood models with multiple fixed-effects: the {R} package {FENmlm}},
  author = {Laurent Berg\'e},
  year = {2018},
  journal = {CREA Discussion Papers},
  number = {13},
}

@Book{ggplot22016,
  author = {Hadley Wickham},
  title = {ggplot2: Elegant Graphics for Data Analysis},
  publisher = {Springer-Verlag New York},
  year = {2016},
  isbn = {978-3-319-24277-4},
  url = {https://ggplot2.tidyverse.org},
}

@Article{gtsummary,
  author = {Daniel D. Sjoberg and Karissa Whiting and Michael Curry and Jessica A. Lavery and Joseph Larmarange},
  title = {Reproducible Summary Tables with the gtsummary Package},
  journal = {{The R Journal}},
  year = {2021},
  url = {https://doi.org/10.32614/RJ-2021-053},
  doi = {10.32614/RJ-2021-053},
  volume = {13},
  issue = {1},
  pages = {570-580},
}

@Article{lubridate2011,
  title = {Dates and Times Made Easy with {lubridate}},
  author = {Garrett Grolemund and Hadley Wickham},
  journal = {Journal of Statistical Software},
  year = {2011},
  volume = {40},
  number = {3},
  pages = {1--25},
  url = {https://www.jstatsoft.org/v40/i03/},
}

@Article{modelsummary2022,
  title = {{modelsummary}: Data and Model Summaries in {R}},
  author = {Vincent Arel-Bundock},
  journal = {Journal of Statistical Software},
  year = {2022},
  volume = {103},
  number = {1},
  pages = {1--23},
  doi = {10.18637/jss.v103.i01},
}

@Article{nprobust2019,
  title = {{nprobust}: Nonparametric Kernel-Based Estimation and Robust Bias-Corrected Inference},
  author = {Sebastian Calonico and Matias D. Cattaneo and Max H. Farrell},
  journal = {Journal of Statistical Software},
  year = {2019},
  volume = {91},
  number = {8},
  pages = {1--33},
  doi = {10.18637/jss.v091.i08},
}

@Article{tidyverse2019,
  title = {Welcome to the {tidyverse}},
  author = {Hadley Wickham and Mara Averick and Jennifer Bryan and Winston Chang and Lucy D'Agostino McGowan and Romain François and Garrett Grolemund and Alex Hayes and Lionel Henry and Jim Hester and Max Kuhn and Thomas Lin Pedersen and Evan Miller and Stephan Milton Bache and Kirill Müller and Jeroen Ooms and David Robinson and Dana Paige Seidel and Vitalie Spinu and Kohske Takahashi and Davis Vaughan and Claus Wilke and Kara Woo and Hiroaki Yutani},
  year = {2019},
  journal = {Journal of Open Source Software},
  volume = {4},
  number = {43},
  pages = {1686},
  doi = {10.21105/joss.01686},
}

